@book{butenhof1997programming,
  title={Programming with POSIX threads},
  author={Butenhof, David R},
  year={1997},
  publisher={Addison-Wesley Professional}
}
