@book{butenhof1997programming,
  title={Programming with POSIX threads},
  author={Butenhof, David R},
  year={1997},
  publisher={Addison-Wesley Professional}
}

@inproceedings{mueller1993library,
  title={A Library Implementation of POSIX Threads under UNIX.},
  author={Mueller, Frank and others},
  booktitle={USENIX Winter},
  pages={29--42},
  year={1993}
}

@online{sublime,
  author = {Sublime HQ Pty Ltd },
  title = {{Sublime Text} A sophisticated text editor for code, markup and prose},
  url = {https://www.sublimetext.com/},
  urldate = {2017-09-29}
}

@online{gcc,
  author = {GCC team},
  title = {{GCC} the GNU Compiler Collection},
  year = 2017,
  url = {https://gcc.gnu.org/},
  urldate = {2017-09-29}
}

@online{wikiSch,
  author = {Wikipedia},
  title = {Scheduling (computing)},
  year = 2017,
  url = {https://en.wikipedia.org/wiki/Scheduling_(computing)#Process_scheduler},
  urldate = {2017-09-30}
}

@online{SDL2,
  author = {SDL Wiki},
  title = {Simple DirectMedia Layer},
  url = {https://wiki.libsdl.org/},
  urldate = {2017-09-30}
}

@online{arduino,
  author = {Arduino},
  title = {Arduino - Software},
  year = 2017,
  url = {https://www.arduino.cc/en/Main/Software},
  urldate = {2017-09-30}
}

@online{santiago,
  author = {Gorka Urrutia},
  title = {Listas enlazadas simples (I)},
  year = 2001,
  url = {http://www.santiagoapostol.net/srca/cursoc/cursoc22.html},
  urldate = {2017-09-22}
}

@online{wikiLista,
  author = {Wikipedia},
  title = {Lista enlazada},
  year = 2017,
  url = {https://es.wikipedia.org/wiki/Lista_enlazada},
  urldate = {2017-09-22}
}




